@article{PhysRevLett.119.268101,
  title = {Coevolution Maintains Diversity in the Stochastic ``Kill the Winner'' Model},
  author = {Xue, Chi and Goldenfeld, Nigel},
  journal = {Phys. Rev. Lett.},
  volume = {119},
  issue = {26},
  pages = {268101},
  numpages = {5},
  year = {2017},
  month = {Dec},
  publisher = {American Physical Society},
  doi = {10.1103/PhysRevLett.119.268101},
  url = {https://link.aps.org/doi/10.1103/PhysRevLett.119.268101}
}
