@ARTICLE{Newman05powerlaws,,
    author = {M. E. J. Newman},
    title = {Power laws, Pareto distributions and Zipf’s law},
    journal = {CONTEMPORARY PHYSICS},
    year = {2005}
}
@article{PhysRevLett.79.523,
  title = {Role of Intermittency in Urban Development: A Model of Large-Scale City Formation},
  author = {Zanette, Dami\'an H. and Manrubia, Susanna C.},
  journal = {Phys. Rev. Lett.},
  volume = {79},
  issue = {3},
  pages = {523--526},
  numpages = {0},
  year = {1997},
  month = {Jul},
  publisher = {American Physical Society},
  doi = {10.1103/PhysRevLett.79.523},
  url = {https://link.aps.org/doi/10.1103/PhysRevLett.79.523}
}
@article{PhysRevE.58.295,
  title = {Intermittency model for urban development},
  author = {Manrubia, Susanna C. and Zanette, Dami\'an H.},
  journal = {Phys. Rev. E},
  volume = {58},
  issue = {1},
  pages = {295--302},
  numpages = {0},
  year = {1998},
  month = {Jul},
  publisher = {American Physical Society},
  doi = {10.1103/PhysRevE.58.295},
  url = {https://link.aps.org/doi/10.1103/PhysRevE.58.295}
}
@article{PhysRevE.87.042114,
  title = {Distance-weighted city growth},
  author = {Rybski, Diego and Garc\'{\i}a Cant\'u Ros, Anselmo and Kropp, J\"urgen P.},
  journal = {Phys. Rev. E},
  volume = {87},
  issue = {4},
  pages = {042114},
  numpages = {6},
  year = {2013},
  month = {Apr},
  publisher = {American Physical Society},
  doi = {10.1103/PhysRevE.87.042114},
  url = {https://link.aps.org/doi/10.1103/PhysRevE.87.042114}
}
@article{yule1925ii,
  title={II.—A mathematical theory of evolution, based on the conclusions of Dr. JC Willis, FR S},
  author={Yule, George Udny},
  journal={Philosophical transactions of the Royal Society of London. Series B, containing papers of a biological character},
  volume={213},
  number={402-410},
  pages={21--87},
  year={1925},
  publisher={The Royal Society London}
}
@article{Willis,
  title={Age and area: a study in geographical distribution and origin of species},
  author={Willis J. C.}
}
@article {Giometto7755,
	author = {Giometto, Andrea and Formentin, Marco and Rinaldo, Andrea and Cohen, Joel E. and Maritan, Amos},
	title = {Sample and population exponents of generalized Taylor{\textquoteright}s law},
	volume = {112},
	number = {25},
	pages = {7755--7760},
	year = {2015},
	doi = {10.1073/pnas.1505882112},
	publisher = {National Academy of Sciences}}
@article{IacopiniSimplicial,
  title={Simplicial models of social contagion},
  author={Iacopini, Iacopo and Petri, Giovanni and Barrat, Alain and Latora, Vito},
}
@article{PhysRevX.4.011008,
  title = {Spatially Distributed Social Complex Networks},
  author = {Frasco, Gerald F. and Sun, Jie and Rozenfeld, Hern\'an D. and ben-Avraham, Daniel},
  journal = {Phys. Rev. X},
  volume = {4},
  issue = {1},
  pages = {011008},
  numpages = {9},
  year = {2014},
  month = {Jan},
  publisher = {American Physical Society},
  doi = {10.1103/PhysRevX.4.011008},
  url = {https://link.aps.org/doi/10.1103/PhysRevX.4.011008}
}
@article{PhysRevX.7.031008,
  title = {Spatial Evolution of Human Dialects},
  author = {Burridge, James},
  journal = {Phys. Rev. X},
  volume = {7},
  issue = {3},
  pages = {031008},
  numpages = {27},
  year = {2017},
  month = {Jul},
  publisher = {American Physical Society},
  doi = {10.1103/PhysRevX.7.031008},
  url = {https://link.aps.org/doi/10.1103/PhysRevX.7.031008}
}
@article{grimalda2016social,
  title={Social image concerns promote cooperation more than altruistic punishment},
  author={Grimalda, Gianluca and Pondorfer, Andreas and Tracer, David P},
  journal={Nature communications},
  volume={7},
  pages={12288},
  year={2016},
  publisher={Nature Publishing Group}
}
@article{Mussa2019Urbanity,
  title={Urbanity and the dynamics of language shift in Galicia},
  author={Mussa Juane, Mariamo and Seoane, Luis F. and Muñuzuri, Alberto P. and Mira, Jorge},
  journal={Nature Communications},
  year={2019},
}
@article{song2010modelling,
  title={Modelling the scaling properties of human mobility},
  author={Song, Chaoming and Koren, Tal and Wang, Pu and Barab{\'a}si, Albert-L{\'a}szl{\'o}},
  journal={Nature Physics},
  volume={6},
  number={10},
  pages={818},
  year={2010},
  publisher={Nature Publishing Group}
}
@article{doi:10.1142/S0218127408021877,
author = {DUBKOV, A. A. and SPAGNOLO, B. and UCHAIKIN, V. V.},
title = {LÉVY FLIGHT SUPERDIFFUSION: AN INTRODUCTION},
journal = {International Journal of Bifurcation and Chaos},
volume = {18},
number = {09},
pages = {2649-2672},
year = {2008},
doi = {10.1142/S0218127408021877},

URL = { 
        https://doi.org/10.1142/S0218127408021877
    
},
eprint = { 
        https://doi.org/10.1142/S0218127408021877
    
}}
@article{doi:10.1002/andp.18551700105,
author = {Fick, Adolf},
title = {Ueber Diffusion},
journal = {Annalen der Physik},

volume = {170},
number = {1},
pages = {59-86},
doi = {10.1002/andp.18551700105},
url = {https://onlinelibrary.wiley.com/doi/abs/10.1002/andp.18551700105},
eprint = {https://onlinelibrary.wiley.com/doi/pdf/10.1002/andp.18551700105},
year = {1855}
}
@article{GallottiA,
  title={A stochastic model of randomly accelerated walkers for human mobility},
  author={Gallotti, Riccardo and Bazzani, Armando and Rambaldi, Sandro and Barthelemy, Marc},
}
@article{PhysRevLett.107.158702,
  title = {Structural Preferential Attachment: Network Organization beyond the Link},
  author = {H\'ebert-Dufresne, Laurent and Allard, Antoine and Marceau, Vincent and No\"el, Pierre-Andr\'e and Dub\'e, Louis J.},
  journal = {Phys. Rev. Lett.},
  volume = {107},
  issue = {15},
  pages = {158702},
  numpages = {5},
  year = {2011},
  month = {Oct},
  publisher = {American Physical Society},
  doi = {10.1103/PhysRevLett.107.158702},
  url = {https://link.aps.org/doi/10.1103/PhysRevLett.107.158702}
}
@article{Keuschnigg13759,
	author = {Keuschnigg, Marc},
	title = {Scaling trajectories of cities},
	volume = {116},
	number = {28},
	pages = {13759--13761},
	year = {2019},
	doi = {10.1073/pnas.1906258116},
	publisher = {National Academy of Sciences}}
@article{MakseModelling,
  title={Modelling urban growth patterns},
  author={Makse, Hernán A. and Havlin, Shlomo and Stanley, H. Eugene},
  volume={377},
  number={6550},
  pages={608-612},
}
@article{doi:10.1111/j.1538-4632.1991.tb00245.x,
author = {Benguigui, L. and Daoud, M.},
title = {Is the Suburban Railway System a Fractal?},
journal = {Geographical Analysis},

volume = {23},
number = {4},
pages = {362-368},
doi = {10.1111/j.1538-4632.1991.tb00245.x},
url = {https://onlinelibrary.wiley.com/doi/abs/10.1111/j.1538-4632.1991.tb00245.x},
eprint = {https://onlinelibrary.wiley.com/doi/pdf/10.1111/j.1538-4632.1991.tb00245.x},
year = {1991}
}
@article{BENGUIGUI199513,
title = "A new aggregation model. Application to town growth",
journal = "Physica A: Statistical Mechanics and its Applications",
volume = "219",
number = "1",
pages = "13 - 26",
year = "1995",
issn = "0378-4371",
doi = "https://doi.org/10.1016/0378-4371(95)00145-W",
url = "http://www.sciencedirect.com/science/article/pii/037843719500145W",
author = "L. Benguigui"}
