@article{verma2016emergence,
  title={Emergence of core--peripheries in networks},
  author={Verma, Trivik and Russmann, F and Ara{\'u}jo, Nuno AM and Nagler, Jan and Herrmann, Hans J},
  journal={Nature communications},
  volume={7},
  pages={10441},
  year={2016},
  publisher={Nature Publishing Group}
}