@article{PhysRevLett.122.148102,
  title = {Spatial Interactions and Oscillatory Tragedies of the Commons},
  author = {Lin, Yu-Hui and Weitz, Joshua S.},
  journal = {Phys. Rev. Lett.},
  volume = {122},
  issue = {14},
  pages = {148102},
  numpages = {5},
  year = {2019},
  month = {Apr},
  publisher = {American Physical Society},
  doi = {10.1103/PhysRevLett.122.148102},
  url = {https://link.aps.org/doi/10.1103/PhysRevLett.122.148102}
}
